<record><leader>00000cas a2200000 i 4500</leader><controlfield tag="001">935375824</controlfield><controlfield tag="006">s x neo     0    0</controlfield><controlfield tag="007">cr bn|||||||||</controlfield><controlfield tag="008">160120u195uuuuunyu x neo     0    0eng c</controlfield><datafield ind1=" " ind2=" " tag="010"><subfield code="a">  2016238010</subfield></datafield><datafield ind1=" " ind2=" " tag="040"><subfield code="a">IUL</subfield><subfield code="b">eng</subfield><subfield code="e">rda</subfield><subfield code="c">IUL</subfield><subfield code="d">IUL</subfield><subfield code="d">OCLCO</subfield><subfield code="d">OCLCF</subfield><subfield code="d">OCLCO</subfield><subfield code="d">OCLCQ</subfield><subfield code="d">OCLCO</subfield></datafield><datafield ind1="0" ind2=" " tag="041"><subfield code="a">eng</subfield><subfield code="a">spa</subfield></datafield><datafield ind1=" " ind2=" " tag="042"><subfield code="a">pcc</subfield></datafield><datafield ind1=" " ind2=" " tag="043"><subfield code="a">n-us-ny</subfield></datafield><datafield ind1=" " ind2="4" tag="050"><subfield code="a">AP2</subfield><subfield code="b">.M467</subfield></datafield><datafield ind1="0" ind2=" " tag="130"><subfield code="a">Coleccio&#769;n Mensaje (New York, N.Y.)</subfield></datafield><datafield ind1="1" ind2="0" tag="245"><subfield code="a">Mensaje.</subfield></datafield><datafield ind1=" " ind2="1" tag="264"><subfield code="a">New York, N.Y. :</subfield><subfield code="b">[publisher not identified]</subfield></datafield><datafield ind1=" " ind2=" " tag="300"><subfield code="a">1 online resource</subfield></datafield><datafield ind1=" " ind2=" " tag="336"><subfield code="a">text</subfield><subfield code="b">txt</subfield><subfield code="2">rdacontent</subfield></datafield><datafield ind1=" " ind2=" " tag="337"><subfield code="a">computer</subfield><subfield code="b">c</subfield><subfield code="2">rdamedia</subfield></datafield><datafield ind1=" " ind2=" " tag="338"><subfield code="a">online resource</subfield><subfield code="b">cr</subfield><subfield code="2">rdacarrier</subfield></datafield><datafield ind1=" " ind2=" " tag="588"><subfield code="a">Description based on: An&#771;o II, nu&#769;mero 4 (agosto 1957); title from online PDF masthead.</subfield></datafield><datafield ind1=" " ind2=" " tag="588"><subfield code="a">Latest issue consulted: An&#771;o II, nu&#769;mero 6 (marzo-abril 1958).</subfield></datafield><datafield ind1=" " ind2="0" tag="650"><subfield code="a">Hispanic Americans</subfield><subfield code="x">Politics and government</subfield><subfield code="v">Newspapers.</subfield></datafield><datafield ind1=" " ind2="7" tag="650"><subfield code="a">Hispanic Americans</subfield><subfield code="x">Politics and government.</subfield><subfield code="2">fast</subfield><subfield code="0">(OCoLC)fst00957586</subfield></datafield><datafield ind1=" " ind2="7" tag="655"><subfield code="a">Newspapers.</subfield><subfield code="2">fast</subfield><subfield code="0">(OCoLC)fst01423814</subfield></datafield><datafield ind1=" " ind2=" " tag="752"><subfield code="a">United States</subfield><subfield code="b">New York</subfield><subfield code="c">Bronx</subfield><subfield code="d">New York.</subfield></datafield><datafield ind1="4" ind2="1" tag="856"><subfield code="u">http://infoweb.newsbank.com/?db=EANX&amp;s_browseRef=decades/11F5F9C19F64F411/all.xml</subfield></datafield></record>